%% This BibTeX bibliography file was created using BibDesk.
%% http://bibdesk.sourceforge.net/


%% Created for Tolleiv Nietsch at 2011-12-04 17:21:05 +0100 


%% Saved with string encoding Unicode (UTF-8) 

@book{hb,
  title={Recommender Systems Handbook},
  author={Ricci, F. and Rokach, L. and Shapira, B. and Kantor, P.B.},
  isbn={9780387858197},
  year={2010},
  publisher={Springer}
}
%%  url={http://books.google.de/books?id=2hFG21Cp2qcC},

@inproceedings{hb_02,
    author = {Amatriain, X. and Jaimes, A. and Oliver, N. and Pujol, J. M.},
    booktitle = {Recommender Systems Handbook},
    citeulike-article-id = {6184973},
    editor = {Kantor and Ricci and Rokach and Shapira},
    keywords = {recommender},
    month = aug,
    posted-at = {2009-11-22 05:28:15},
    priority = {2},
    publisher = {Springer},
    title = {{Data Mining Methods for Recommender Systems}},
    year = {2009}
}

@incollection {hb_03,
   author = {Lops, Pasquale and Gemmis, Marco and Semeraro, Giovanni},
   affiliation = {Department of Computer Science, University of Bari “Aldo Moro”, Via E. Orabona, 4, Bari, Italy},
   title = {Content-based Recommender Systems: State of the Art and Trends},
   booktitle = {Recommender Systems Handbook},
   editor = {Ricci, Francesco and Rokach, Lior and Shapira, Bracha and Kantor, Paul B.},
   publisher = {Springer US},
   isbn = {978-0-387-85820-3},
   keyword = {Computer Science},
   pages = {73-105},
   url = {http://dx.doi.org/10.1007/978-0-387-85820-3\_3},
   note = {10.1007/978-0-387-85820-3\_3},
   year = {2011}
}

@incollection {hb_18,
   author = {Smyth, Barry and Coyle, Maurice and Briggs, Peter},
   affiliation = {CLARITY: Centre for Sensor Web Technologies, School of Computer Science & Informatics, University College Dublin, Dublin, Ireland},
   title = {Communities, Collaboration, and Recommender Systems in Personalized Web Search},
   booktitle = {Recommender Systems Handbook},
   editor = {Ricci, Francesco and Rokach, Lior and Shapira, Bracha and Kantor, Paul B.},
   publisher = {Springer US},
   isbn = {978-0-387-85820-3},
   keyword = {Computer Science},
   pages = {579-614},
   url = {http://dx.doi.org/10.1007/978-0-387-85820-3\_18},
   note = {10.1007/978-0-387-85820-3\_18},
   year = {2011}
}

@incollection {hb_20,
   author = {Victor, Patricia and Cock, Martine and Cornelis, Chris},
   affiliation = {Dept. of Applied Mathematics and Computer Science, Ghent University, Krijgslaan 281 (S9), 9000 Gent, Belgium},
   title = {Trust and Recommendations},
   booktitle = {Recommender Systems Handbook},
   editor = {Ricci, Francesco and Rokach, Lior and Shapira, Bracha and Kantor, Paul B.},
   publisher = {Springer US},
   isbn = {978-0-387-85820-3},
   keyword = {Computer Science},
   pages = {645-675},
   url = {http://dx.doi.org/10.1007/978-0-387-85820-3\_20},
   note = {10.1007/978-0-387-85820-3\_20},
   year = {2011}
}

@book{rs,
  title={Recommender Systems: An Introduction},
  author={Jannach, D. and Zanker, M. and Felfernig, A. and Friedrich, G.},
  isbn={9780521493369},
  lccn={2010021870},
  year={2010},
  publisher={Cambridge University Press}
}
%%  url={http://books.google.de/books?id=eygTJBd\_U2cC},

@book{pci,
 author = {Segaran, Toby},
 title = {Programming collective intelligence},
 year = {2007},
 isbn = {9780596529321},
 edition = {First},
 publisher = {O'Reilly},
} 



@inproceedings{Smyth05alive-user,
    author = {Barry Smyth and Evelyn Balfe and Oisin Boydell and Keith Bradley and Peter Briggs and Maurice Coyle and Jill Freyne},
    title = {A live-user evaluation of collaborative web search},
    booktitle = {In IJCAI},
    year = {2005},
    pages = {1419--1424}
}

@article{Burke:2002:HRS:586321.586352,
 author = {Burke, Robin},
 title = {Hybrid Recommender Systems: Survey and Experiments},
 journal = {User Modeling and User-Adapted Interaction},
 issue_date = {November 2002},
 volume = {12},
 number = {4},
 month = nov,
 year = {2002},
 issn = {0924-1868},
 pages = {331--370},
 numpages = {40},
 url = {http://dx.doi.org/10.1023/A:1021240730564},
 doi = {10.1023/A:1021240730564},
 acmid = {586352},
 publisher = {Kluwer Academic Publishers},
 address = {Hingham, MA, USA},
 keywords = {case-based reasoning, collaborative filtering, recommender systems},
} 

@inproceedings{SinhaS01,
    author = {Sinha, Rashmi R. and Swearingen, Kirsten},
    booktitle = {DELOS Workshop: Personalisation and Recommender Systems in Digital Libraries},
    citeulike-article-id = {2298423},
    keywords = {bibtex-import},
    posted-at = {2008-01-28 17:36:31},
    priority = {2},
    title = {{Comparing Recommendations Made by Online Systems and Friends}},
    year = {2001}
}

@article{Vozalis:2007:USD:1243505.1243639,
 author = {Vozalis, M. G. and Margaritis, K. G.},
 title = {Using SVD and demographic data for the enhancement of generalized Collaborative Filtering},
 journal = {Inf. Sci.},
 issue_date = {August, 2007},
 volume = {177},
 number = {15},
 month = aug,
 year = {2007},
 issn = {0020-0255},
 pages = {3017--3037},
 numpages = {21},
 url = {http://dx.doi.org/10.1016/j.ins.2007.02.036},
 doi = {10.1016/j.ins.2007.02.036},
 acmid = {1243639},
 publisher = {Elsevier Science Inc.},
 address = {New York, NY, USA},
 keywords = {Collaborative Filtering, Demographic information, Personalization, Recommender Systems, Singular Value Decomposition (SVD)},
} 

@article{linden03,
    author = {Linden, G. and Smith, B. and York, J.},
    citeulike-article-id = {615956},
    citeulike-linkout-0 = {http://ieeexplore.ieee.org/xpls/abs\_all.jsp?arnumber=1167344},
    journal = {Internet Computing, IEEE},
    keywords = {recommendations},
    number = {1},
    pages = {76--80},
    posted-at = {2007-08-16 21:34:36},
    priority = {2},
    title = {{Amazon.com recommendations: item-to-item collaborative filtering}},
    volume = {7},
    year = {2003}
}

@article{machanavajjhala:accurate,
    author = {Machanavajjhala, Ashwin and Korolova, Aleksandra and Sarma, Atish D.},
    citeulike-article-id = {9703395},
    citeulike-linkout-0 = {http://portal.acm.org/citation.cfm?id=1988776.1988780},
    issn = {2150-8097},
    journal = {Proceedings of the VLDB Endowment},
    keywords = {recommendations},
    month = apr,
    number = {7},
    pages = {440--450},
    posted-at = {2012-04-14 14:53:59},
    priority = {2},
    publisher = {VLDB Endowment},
    title = {{Personalized social recommendations: accurate or private}},
    volume = {4},
    year = {2011}
}
@misc{Bogers09collaborativeand,
    author = {Toine Bogers and Antal van den Bosch},
    title = {Collaborative and Content-based Filtering for Item Recommendation on Social Bookmarking Websites },
    year = {2009}
}





